@Book{ZhP,
  author    = {{章璞}},
  publisher = {高等教育出版社},
  title     = {伽罗瓦理论：天才的激情},
  year      = {2013},
  address   = {北京},
  isbn      = {978-7-04-037252-6},
}

@Book{FK,
  author    = {{冯克勤}},
  publisher = {中国科学技术大学出版社},
  title     = {近世代数引论},
  year      = {2009},
  address   = {合肥},
  isbn      = {978-7-31-202292-0},
}

@Book{LT,
  author    = {{林焘, 王理嘉}},
  publisher = {北京大学出版社},
  title     = {语音学教程},
  year      = {2013},
  address   = {北京},
  isbn      = {978-7-30-122828-9},
}

@Book{LW,
  author    = {{李文威}},
  publisher = {高等教育出版社},
  title     = {代数学方法（卷一：基础架构）},
  year      = {2019},
  address   = {北京},
  isbn      = {978-7-04-050725-6},
}

@Book{YH,
  author    = {{結城浩}},
  publisher = {SBクリエイティブ},
  title     = {数学ガール : ガロア理論},
  year      = {2012},
  address   = {東京},
  isbn      = {978-4-79-736754-6},
  issn      = {9787115559623},
}

@Article{Galois,
  author  = {{{\'E}variste, Galois}},
  journal = {Journal de math{\'e}matiques pures et appliqu{\'e}es, Ser},
  title   = {M{\'e}moire sur les conditions de r{\'e}solubilit{\'e} des {\'e}quations par radicaux},
  year    = {1846},
  number  = {111846},
  pages   = {417--433},
  volume  = {1},
}

@Book{Patrick,
  author    = {{Morandi, Patrick}},
  publisher = {Springer New York},
  title     = {{Field and Galois Theory}},
  year      = {1996},
  isbn      = {9780387947532},
  month     = jul,
  ean       = {9780387947532},
  pagetotal = {308},
  url       = {https://www.ebook.de/de/product/3623363/patrick_morandi_field_and_galois_theory.html},
}

@Book{Atiyah,
  author    = {{Atiyah, Michael}},
  publisher = {Addison-Wesley Pub. Co},
  title     = {{Introduction to Commutative Algebra}},
  year      = {1969},
  address   = {Reading, Mass},
  isbn      = {9780201407518},
}

@Book{Matsumura,
  author     = {{Matsumura, Hideyuki (松村英之)}},
  editor     = {Reid, MilesTranslator},
  publisher  = {Cambridge University Press},
  title      = {{Commutative Ring Theory}},
  year       = {1986},
  address    = {New York},
  isbn       = {9781139171762},
  series     = {Cambridge Studies in Advanced Mathematics},
  collection = {Cambridge Studies in Advanced Mathematics},
  doi        = {10.1017/CBO9781139171762},
  place      = {Cambridge},
}

@Book{Artin,
  author    = {{Artin, Emil}},
  publisher = {Dover Publications},
  title     = {{Galois Theory}},
  year      = {1998},
  isbn      = {9780486623429},
  month     = jul,
  series    = {Dover books on mathematics},
  lccn      = {97051372},
  pagetotal = {96},
  url       = {https://books.google.com.hk/books?id=A1hFtQEACAAJ},
}

@Book{LJ,
  author    = {{黎景辉, 白正简, 周国辉}},
  publisher = {高等教育出版社},
  title     = {高等线性代数学},
  year      = {2014},
  address   = {北京},
  isbn      = {978-7-04-041057-0},
}

@Comment{jabref-meta: databaseType:bibtex;}
